@incollection{McGuinness2002,
  author = {McGuinness, Deborah L.},
  booktitle = {Spinning the Semantic Web},
  chapter = {6},
  doi = {10.1.1.546.224},
  editor = {Fensel, Dieter and Hendler, James and Lieberman, Henry and Wahlster, Wolfgang},
  isbn = {0262062321},
  pages = {171--192},
  publisher = {The MIT Press},
  title = {{Ontologies come of age}},
  year = {2002}
}
@article{Watson2005,
  author = {Watson, J. D. and Laskowski, R. A. and Thornton, J. M.},
  doi = {doi:10.1016/j.sbi.2005.04.003},
  issn = {0959-440X (PRINT)},
  journal = {Current Opinion in Structural Biology},
  pages = {275--284},
  pmid = {15963890},
  title = {{Predicting protein function from sequence and structural data}},
  volume = {15},
  year = {2005}
}
@techreport{Guha2014,
  author = {Guha, Ramanathan and Brickley, Dan},
  institution = {W3C},
  title = {{RDF Schema 1.1}},
  url = {http://www.w3.org/TR/2014/REC-rdf-schema-20140225/},
  year = {2014}
}
@article{Bizer2009a,
  author = {Bizer, Christian and Lehmann, Jens and Kobilarov, Georgi and Auer, S{\"{o}}ren and Becker, Christian and Cyganiak, Richard and Hellmann, Sebastian},
  doi = {10.1016/j.websem.2009.07.002},
  issn = {15708268},
  journal = {Web Semantics: Science, Services and Agents on the World Wide Web},
  month = {sep},
  number = {3},
  pages = {154--165},
  title = {{DBpedia - A crystallization point for the Web of Data}},
  volume = {7},
  year = {2009}
}
@article{Hu2007,
  author = {Hu, Bo and Dupplaw, David},
  doi = {10.1504/IJMSO.2007.019443},
  journal = {International Journal of Metadata, Semantics and Ontologies},
  number = {4},
  pages = {242},
  title = {{Semantic metrics}},
  volume = {2},
  year = {2007}
}
@inproceedings{Ferreira2011,
  author = {Ferreira, Jo{\~{a}}o D. and Couto, Francisco M.},
  booktitle = {International Conference on Biomedical Ontologies},
  title = {{Generic semantic relatedness measure for biomedical ontologies}},
  url = {http://ceur-ws.org/Vol-833/paper16.pdf},
  year = {2011}
}
@article{Hammond2005,
  author = {Hammond, W. Ed},
  doi = {10.1377/hlthaff.24.5.1205},
  isbn = {0278-2715 (Print) 0278-2715 (Linking)},
  issn = {02782715},
  journal = {Health Affairs},
  number = {5},
  pages = {1205--1213},
  pmid = {16162564},
  title = {{The making and adoption of health data standards}},
  volume = {24},
  year = {2005}
}
@misc{Moss2015,
  author = {Moss, Gerard P.},
  booktitle = {Nomenclature Committee of the International Union of Biochemistry and Molecular Biology},
  title = {{Enzyme Nomenclature}},
  url = {http://www.chem.qmul.ac.uk/iubmb/enzyme/},
  year = {2015}
}
@book{Singer1931,
  author = {Singer, Charles Joseph},
  booktitle = {The Yale Journal of Biology and Medicine},
  publisher = {Oxford University Press},
  title = {{A Short History of Biology}},
  year = {1931}
}
@article{Hansch1964,
  author = {Hansch, Corwin and Fujita, Toshio},
  doi = {10.1021/ja01062a035},
  issn = {0002-7863},
  journal = {Journal of the American Chemical Society},
  number = {8},
  pages = {1616--1626},
  title = {{$\rho$-$\sigma$-$\pi$ Analysis. A Method for the Correlation of Biological Activity and Chemical Structure}},
  volume = {86},
  year = {1964}
}
@article{Li2010b,
  author = {Li, Xiaoli and Wu, Min and Kwoh, Chee-Keong and Ng, See-Kiong},
  doi = {10.1186/1471-2164-11-S1-S3},
  isbn = {1471216411},
  issn = {1471-2164},
  journal = {BMC genomics},
  pages = {S3},
  pmid = {20158874},
  title = {{Computational approaches for detecting protein complexes from protein interaction networks: a survey.}},
  volume = {11 Suppl 1},
  year = {2010}
}
@article{Hu2012,
  author = {Hu, Yuncui and Li, Yanpeng and Lin, Hongfei and Yang, Zhihao and Cheng, Liangxi},
  doi = {10.1371/journal.pone.0043558},
  isbn = {1932-6203 (Linking)},
  issn = {1932-6203},
  journal = {PloS One},
  number = {9},
  pages = {e43558},
  pmid = {22984434},
  title = {{Integrating various resources for gene name normalization.}},
  volume = {7},
  year = {2012}
}
@article{Sanchez2012c,
  author = {S{\'{a}}nchez, David and Sol{\'{e}}-Ribalta, Albert and Batet, Montserrat and Serratosa, Francesc},
  doi = {10.1016/j.jbi.2011.10.005},
  issn = {1532-0480},
  journal = {Journal of Biomedical Informatics},
  month = {feb},
  number = {1},
  pages = {141--155},
  pmid = {22056693},
  publisher = {Elsevier Inc.},
  title = {{Enabling semantic similarity estimation across multiple ontologies: an evaluation in the biomedical domain.}},
  volume = {45},
  year = {2012}
}
@article{Wang2007,
  author = {Wang, James Z. and Du, Zhidian and Payattakool, Rapeeporn and Yu, Philip S. and Chen, Chin-Fu},
  doi = {10.1093/bioinformatics/btm087},
  issn = {1367-4811},
  journal = {Bioinformatics},
  month = {may},
  number = {10},
  pages = {1274--1281},
  pmid = {17344234},
  title = {{A new method to measure the semantic similarity of GO terms}},
  volume = {23},
  year = {2007}
}
@article{Pesquita2014,
  author = {Pesquita, Catia and Ferreira, Jo{\~{a}}o D. and Couto, Francisco M. and Silva, M{\'{a}}rio J.},
  doi = {10.1186/2041-1480-5-4},
  isbn = {2041-1480},
  issn = {2041-1480},
  journal = {Journal of Biomedical Semantics},
  number = {1},
  pages = {4},
  pmid = {24438387},
  title = {{The epidemiology ontology: an ontology for the semantic annotation of epidemiological resources.}},
  volume = {5},
  year = {2014}
}
@article{Sanchez2013,
  author = {S{\'{a}}nchez, David and Batet, Montserrat},
  doi = {10.1016/j.eswa.2012.08.049},
  issn = {09574174},
  journal = {Expert Systems with Applications},
  month = {aug},
  number = {4},
  pages = {1393--1399},
  publisher = {Elsevier Ltd},
  title = {{A semantic similarity method based on information content exploiting multiple ontologies}},
  volume = {40},
  year = {2013}
}
@article{Mungall2011,
  author = {Mungall, Christopher J. and Bada, Michael and Berardini, Tanya Z. and Deegan, Jennifer and Ireland, Amelia and Harris, Midori A. and Hill, David P. and Lomax, Jane},
  doi = {10.1016/j.jbi.2010.02.002},
  isbn = {1532-0480 (Electronic)$\backslash$r1532-0464 (Linking)},
  issn = {1532-0480},
  journal = {Journal of Biomedical Informatics},
  number = {1},
  pages = {80--6},
  pmid = {20152934},
  title = {{Cross-product extensions of the Gene Ontology.}},
  volume = {44},
  year = {2011}
}
@article{Heymans2003a,
  author = {Heymans, M and Singh, A.K.},
  journal = {Bioinformatics},
  number = {Suppl 1},
  pages = {i138},
  publisher = {Oxford Univ Press},
  title = {{Deriving phylogenetic trees from the similarity analysis of metabolic pathways}},
  url = {http://bioinformatics.oxfordjournals.org/cgi/content/abstract/19/suppl_1/i138},
  volume = {19},
  year = {2003}
}
@article{Xu2013,
  author = {Xu, Yungang and Guo, Maozu and Shi, Wenli and Liu, Xiaoyan and Wang, Chunyu},
  doi = {10.1016/j.ygeno.2013.04.010},
  isbn = {1089-8646 (Electronic) 0888-7543 (Linking)},
  issn = {08887543},
  journal = {Genomics},
  number = {6},
  pages = {368--375},
  pmid = {23628645},
  title = {{A novel insight into Gene Ontology semantic similarity}},
  volume = {101},
  year = {2013}
}
@article{Rosse2003,
  author = {Rosse, Cornelius and Mejino, Jos{\'{e}} L. V.},
  journal = {Journal of Biomedical Informatics},
  number = {6},
  pages = {478--500},
  publisher = {Elsevier},
  title = {{A reference ontology for biomedical informatics: the Foundational Model of Anatomy}},
  url = {http://linkinghub.elsevier.com/retrieve/pii/S1532046403001278},
  volume = {36},
  year = {2003}
}
@inproceedings{Pesquita2009a,
  author = {Pesquita, Catia and Pessoa, Delphine and Faria, Daniel and Couto, Francisco M.},
  booktitle = {JB2009: Challenges in Bioinformatics},
  title = {{CESSM: Collaborative Evaluation of Semantic Similarity Measures}},
  url = {http://homepages.di.fc.ul.pt/~fjmc/files/workshop%20cpesquita-jb2009.pdf},
  year = {2009}
}
@inproceedings{Wang2004,
  author = {Wang, Haiying and Azuaje, Francisco and Bodenreider, Olivier and Dopazo, Joaqu{\'{\i}}n},
  booktitle = {International Geoscience and Remote Sensing},
  doi = {10.1109/CIBCB.2004.1393927},
  isbn = {0-7803-8728-7},
  month = {oct},
  pages = {25--31},
  pmid = {25664345},
  publisher = {IEEE},
  title = {{Gene expression correlation and gene ontology-based similarity: an assessment of quantitative relationships}},
  volume = {2004},
  year = {2004}
}
@article{Lamurias2014,
  author = {Lamurias, Andre and Ferreira, Joao D. and Couto, Francisco M.},
  doi = {10.2390/biecoll-jib-2014-247},
  issn = {1613-4516},
  journal = {Journal of Interactive Bioinformatics (JIB)},
  pages = {1--18},
  pmid = {25339081},
  title = {{Identifying interactions between chemical entities in biomedical text}},
  year = {2014}
}
@article{Ruepp2008,
  author = {Ruepp, Andreas and Brauner, Barbara and Dunger-Kaltenbach, Irmtraud and Frishman, Goar and Montrone, Corinna and Stransky, Michael and Waegele, Brigitte and Schmidt, Thorsten and Doudieu, Octave Noubibou and St{\"{u}}mpflen, Volker and Mewes, H. Werner},
  doi = {10.1093/nar/gkm936},
  isbn = {1362-4962 (Electronic)$\backslash$n0305-1048 (Linking)},
  issn = {1362-4962},
  journal = {Nucleic Acids Research},
  number = {Database issue},
  pages = {D646--50},
  pmid = {17965090},
  title = {{CORUM: the comprehensive resource of mammalian protein complexes.}},
  volume = {36},
  year = {2008}
}
@inproceedings{Carroll2004,
  author = {Carroll, Jeremy J. and Dickinson, Ian and Dollin, Chris and Reynolds, Dave and Seaborne, Andy and Wilkinson, Kevin},
  booktitle = {International World Wide Web Conference},
  doi = {10.1145/1013367.1013381},
  isbn = {1581139128},
  pages = {74--83},
  title = {{Jena: Implementing the Semantic Web Recommendations}},
  year = {2004}
}
@article{Schulz2012,
  author = {Schulz, Marvin and Klipp, Edda and Liebermeister, Wolfram},
  doi = {10.1186/1471-2105-13-18},
  issn = {1471-2105},
  journal = {BMC Bioinformatics},
  month = {jan},
  number = {1},
  pages = {18},
  pmid = {22289386},
  title = {{Propagating semantic information in biochemical network models.}},
  volume = {13},
  year = {2012}
}
@article{McInnes2011,
  author = {McInnes, Bridget T. and Pedersen, Ted and Liu, Ying and Melton, Genevieve B. and Pakhomov, Serguei V. S.},
  isbn = {1942-597X (Electronic)$\backslash$n1559-4076 (Linking)},
  issn = {1942-597X},
  journal = {AMIA Annual Symposium Proceedings},
  pages = {895},
  pmid = {22195148},
  title = {{Knowledge-based Method for Determining the Meaning of Ambiguous Biomedical Terms Using Information Content Measures of Similarity}},
  url = {http://www.ncbi.nlm.nih.gov/pubmed/22195148},
  volume = {2011},
  year = {2011}
}
@article{Quillian1968,
  author = {Quillian, M.},
  editor = {Minsky, Marvin},
  journal = {Semantic Information Processing},
  pages = {227--270},
  publisher = {MIT Press},
  title = {{Semantic memory}},
  year = {1968}
}
@article{Forst1999,
  author = {Forst, Christian V and Schulten, Klaus},
  journal = {Journal of Computational Biology},
  number = {3/4},
  pages = {343-- 360},
  title = {{Evolution of Metabolisms: A New Method for the Comparison of Metabolic Pathways Using Genomics Information}},
  volume = {6},
  year = {1999}
}
@inproceedings{Ferreira2013a,
  author = {Ferreira, Jo{\~{a}}o D. and Pesquita, Catia and Silva, M{\'{a}}rio J. and Couto, Francisco M.},
  booktitle = {International Conference on Preservation of Digital Objects},
  editor = {Borbinha, Jos{\'{e}} and Nelson, Michael and Knight, Steve},
  title = {{Digital preservation of epidemic resources: coupling metadata and ontologies}},
  url = {http://xldb.di.fc.ul.pt/xldb/publications/Ferreira.etal:DigitalPreservationOf:2013_document.pdf},
  year = {2013}
}
@article{Sanchez2011e,
  author = {S{\'{a}}nchez, David and Batet, Montserrat and Isern, David},
  doi = {10.1016/j.knosys.2010.10.001},
  issn = {09507051},
  journal = {Knowledge-Based Systems},
  month = {mar},
  number = {2},
  pages = {297--303},
  title = {{Ontology-based information content computation}},
  volume = {24},
  year = {2011}
}
@techreport{Motik2012a,
  author = {Motik, Boris and Patel-Schneider, Peter F. and Parsia, Bijan and Bock, Conrad and Fokoue, Achille and Haase, Peter and Hoekstra, Rinke and Horrocks, Ian and Ruttenberg, Alan and Sattler, Uli and Smith, Michael},
  booktitle = {W3C Recommendation},
  title = {{OWL 2 Web Ontology Language - Structural Specification and Functional-Style Syntax (Second Edition)}},
  url = {http://www.w3.org/TR/2012/REC-owl2-syntax-20121211/},
  year = {2012}
}
@article{Henss2009,
  author = {Hen{\ss}, J. and Kleb, Joachim and Grimm, Stephan and Bock, J.},
  journal = {OWL: Experiences and Directions},
  number = {5th Int. Workshop on OWL: Experiences and Directions Owled},
  title = {{A database backend for OWL}},
  url = {http://ceur-ws.org/Vol-529/owled2009_submission_3.pdf},
  volume = {2009},
  year = {2009}
}
@article{Jain2010,
  author = {Jain, Shobhit and Bader, Gary D.},
  doi = {10.1186/1471-2105-11-562},
  issn = {1471-2105},
  journal = {BMC Bioinformatics},
  month = {jan},
  pages = {562},
  pmid = {21078182},
  publisher = {BioMed Central Ltd},
  title = {{An improved method for scoring protein-protein interactions using semantic similarity within the Gene Ontology}},
  volume = {11},
  year = {2010}
}
@article{Lord2003,
  author = {Lord, Phillip W. and Stevens, Robert D. and Brass, A. and Goble, Carole A.},
  doi = {10.1093/bioinformatics/btg153},
  isbn = {1367-4803 (Print)$\backslash$r1367-4803 (Linking)},
  issn = {1367-4803},
  journal = {Bioinformatics},
  month = {jul},
  number = {10},
  pages = {1275--1283},
  pmid = {12835272},
  title = {{Investigating semantic similarity measures across the Gene Ontology: the relationship between sequence and annotation}},
  volume = {19},
  year = {2003}
}
@article{Fowlkes1983,
  author = {Fowlkes, E. B. and Mallows, C. L.},
  doi = {10.2307/2288117},
  issn = {01621459},
  journal = {Journal of the American Statistical Association},
  number = {383},
  pages = {553},
  title = {{A Method for Comparing Two Hierarchical Clusterings}},
  volume = {78},
  year = {1983}
}
@inproceedings{Liebig2009,
  author = {Liebig, Thorsten and Luther, Marko and Noppens, Olaf and Rodriguez, Mariano and Calvanese, Diego and Wessel, Michael and M{\"{o}}ller, Ralf and Horridge, Matthew and Bechhofer, Sean and Tsarkov, Dmitry and Sirin, Evren},
  booktitle = {OWL: Experiences and Directions},
  issn = {16130073},
  title = {{OWLlink: DIG for OWL 2}},
  url = {http://ceur-ws.org/Vol-432/owled2008eu_submission_26.pdf},
  volume = {432},
  year = {2008}
}
@article{Schlicker2010,
  author = {Schlicker, Andreas and Lengauer, Thomas and Albrecht, Mario},
  doi = {10.1093/bioinformatics/btq384},
  issn = {1367-4803},
  journal = {Bioinformatics},
  month = {sep},
  number = {18},
  pages = {i561--i567},
  title = {{Improving disease gene prioritization using the semantic similarity of Gene Ontology terms}},
  volume = {26},
  year = {2010}
}
@article{Lehmann2012a,
  author = {Lehmann, Karsten and Turhan, A. Y.},
  journal = {Logics in Artificial Intelligence},
  pages = {307--319},
  title = {{A Framework for Semantic-based Similarity Measures for ELH-Concepts}},
  url = {http://link.springer.com/chapter/10.1007/978-3-642-33353-8_24},
  year = {2012}
}
@article{Noy2009,
  author = {Noy, Natalya F. and Shah, Nigam H. and Whetzel, Patricia L. and Dai, Benjamin and Dorf, Michael and Griffith, Nicholas and Jonquet, Clement and Rubin, Daniel L. and Storey, Margaret-Anne and Chute, Christopher G. and Musen, Mark A.},
  doi = {10.1093/nar/gkp440},
  issn = {1362-4962},
  journal = {Nucleic Acids Research},
  month = {jul},
  number = {Web Server issue},
  pages = {W170--3},
  pmid = {19483092},
  title = {{BioPortal: ontologies and integrated data resources at the click of a mouse.}},
  volume = {37},
  year = {2009}
}
@article{Sekhwal2015,
  author = {Sekhwal, Manoj Kumar and Swami, Ajit Kumar and Sharma, Vinay and Sarin, Renu},
  doi = {10.2478/s11658-014-0223-3},
  issn = {1689-1392},
  journal = {Cellular {\&} Molecular Biology Letters},
  number = {1},
  pages = {1--23},
  pmid = {26204390},
  title = {{Identification of drought-induced transcription factors in Sorghum bicolor using GO term semantic similarity.}},
  volume = {20},
  year = {2015}
}
@article{Harispe2014,
  author = {Harispe, S{\'{e}}bastien and S{\'{a}}nchez, David and Ranwez, Sylvie and Janaqi, Stefan and Montmain, Jacky},
  doi = {10.1016/j.jbi.2013.11.006},
  isbn = {1532-0480 (Electronic)$\backslash$r1532-0464 (Linking)},
  issn = {15320464},
  journal = {Journal of Biomedical Informatics},
  month = {nov},
  number = {November},
  pages = {38--53},
  pmid = {24269894},
  title = {{A framework for unifying ontology-based semantic similarity measures: A study in the biomedical domain}},
  volume = {48},
  year = {2014}
}
@article{Gruber1993,
  author = {Gruber, Thomas R.},
  doi = {10.1.1.101.7493},
  isbn = {1042-8143},
  issn = {1042-8143},
  journal = {Knowledge Acquisition},
  number = {2},
  pages = {199--220},
  pmid = {21685580},
  title = {{A translation approach to portable ontology specifications}},
  volume = {5},
  year = {1993}
}
@inproceedings{Zina2014,
  author = {Zina, Nakhla and Kaouther, Nouira},
  booktitle = {International Work-Conference on Bioinformatics and Biomedical Engineering},
  pages = {1403--1411},
  title = {{Automatically building database from biomedical ontology}},
  url = {http://iwbbio.ugr.es/2014/papers/IWBBIO_2014_paper_147.pdf},
  year = {2014}
}
@article{Couto2011,
  author = {Couto, Francisco M. and Silva, M{\'{a}}rio J.},
  doi = {10.1186/2041-1480-2-5},
  issn = {2041-1480},
  journal = {Journal of Biomedical Semantics},
  month = {jan},
  number = {1},
  pages = {5},
  pmid = {21884591},
  publisher = {BioMed Central Ltd},
  title = {{Disjunctive shared information between ontology concepts: application to Gene Ontology.}},
  volume = {2},
  year = {2011}
}
@article{Bork1998,
  author = {Bork, P. and Koonin, E. V.},
  doi = {10.1038/ng0498-313},
  isbn = {1061-4036 (Print)$\backslash$n1061-4036 (Linking)},
  issn = {1061-4036},
  journal = {Nature Genetics},
  number = {4},
  pages = {313--318},
  pmid = {9537411},
  title = {{Predicting functions from protein sequences--where are the bottlenecks?}},
  volume = {18},
  year = {1998}
}
@article{Amato2008,
  author = {D'Amato, Claudia and Staab, Steffen and Fanizzi, Nicola},
  journal = {Knowledge Engineering: Practice and Patterns},
  title = {{On the influence of description logics ontologies on conceptual similarity}},
  url = {http://www.springerlink.com/index/W45658J68R2070R5.pdf},
  year = {2008}
}
@article{Friedman1997,
  author = {Friedman, Nir and Geiger, Dan and Goldszmidt, Moises},
  doi = {10.1023/A:1007465528199},
  isbn = {0885-6125},
  issn = {0885-6125},
  journal = {Machine Learning},
  pages = {131--163},
  title = {{Bayesian Network Classifiers}},
  volume = {29},
  year = {1997}
}
@inproceedings{Cruz2009a,
  author = {Cruz, Isabel F. and Antonelli, Flavio Palandri and Stroe, Cosmin},
  booktitle = {VLDB Endowment},
  number = {2},
  pages = {1586--1589},
  publisher = {VLDB Endowment},
  title = {{AgreementMaker: efficient matching for large real-world schemas and ontologies}},
  url = {http://dl.acm.org/citation.cfm?id=1687598},
  volume = {2},
  year = {2009}
}
@article{Horridge2011,
  author = {Horridge, Matthew and Bechhofer, Sean},
  doi = {10.3233/SW-2011-0025},
  issn = {1570-0844},
  journal = {Semantic Web},
  number = {1},
  pages = {11--21},
  publisher = {IOS Press},
  title = {{The OWL API: A Java API for OWL ontologies}},
  volume = {2},
  year = {2011}
}
@article{Bowdle1997,
  author = {Bowdle, B. F. and Gentner, D.},
  doi = {10.1006/cogp.1997.0670},
  issn = {0010-0285},
  journal = {Cognitive Psychology},
  month = {dec},
  number = {3},
  pages = {244--86},
  pmid = {9466832},
  title = {{Informativity and asymmetry in comparisons.}},
  volume = {34},
  year = {1997}
}
@inproceedings{Gross2012,
  author = {Gro{\ss}, Anika and Hartung, Michael and Kirsten, Toralf and Rahm, Erhard},
  booktitle = {International Semantic Web Conference},
  title = {{GOMMA results for OAEI 2012}},
  url = {http://disi.unitn.it/~p2p/OM-2012/oaei12_paper3.pdf},
  year = {2012}
}
@inproceedings{Janowicz2006,
  author = {Janowicz, Krzysztof},
  booktitle = {On the Move to Meaningful Internet Systems},
  pages = {1681--1692},
  title = {{Sim-DL: Towards a Semantic Similarity Measurement Theory for the Description Logic ALCNR in Geographic Information Retrieval}},
  url = {http://link.springer.com/chapter/10.1007/11915072_74},
  year = {2006}
}
@article{Coronado2004,
  author = {de Coronado, Sherri and Haber, Margaret W. and Sioutos, Nicholas and Tuttle, Mark S. and Wright, Lawrence W.},
  isbn = {0926-9630},
  issn = {0926-9630},
  journal = {Studies in Health Technology and Informatics},
  number = {Pt 1},
  pages = {33--37},
  pmid = {15360769},
  title = {{NCI Thesaurus: using science-based terminology to integrate cancer research results}},
  url = {http://www.ncbi.nlm.nih.gov/pubmed/15360769},
  volume = {107},
  year = {2004}
}
@article{Ben-Hur2006,
  author = {Ben-Hur, Asa and Noble, William Stafford},
  doi = {10.1186/1471-2105-7-S1-S2},
  isbn = {1471-2105},
  issn = {1471-2105},
  journal = {BMC Bioinformatics},
  pages = {S2},
  pmid = {16723005},
  title = {{Choosing negative examples for the prediction of protein-protein interactions.}},
  volume = {7 Suppl 1},
  year = {2006}
}
@article{Smith2007,
  author = {Smith, Barry and Ashburner, Michael and Rosse, Cornelius and Bard, Jonathan and Bug, William and Ceusters, Werner and Goldberg, Louis J. and Eilbeck, Karen and Ireland, Amelia and Mungall, Christopher J. and Leontis, Neocles and Rocca-Serra, Philippe and Ruttenberg, Alan and Sansone, Susanna-Assunta and Scheuermann, Richard H. and Shah, Nigam H. and Whetzel, Patricia L. and Lewis, Suzanna},
  doi = {10.1038/nbt1346},
  issn = {1087-0156},
  journal = {Nature Biotechnology},
  month = {nov},
  number = {11},
  pages = {1251--5},
  pmid = {17989687},
  title = {{The OBO Foundry: coordinated evolution of ontologies to support biomedical data integration.}},
  volume = {25},
  year = {2007}
}
@article{Williams2012,
  author = {Williams, Antony J. and Harland, Lee and Groth, Paul and Pettifer, Stephen and Chichester, Christine and Willighagen, Egon L. and Evelo, Chris T. and Blomberg, Niklas and Ecker, Gerhard and Goble, Carole and Mons, Barend},
  doi = {10.1016/j.drudis.2012.05.016},
  isbn = {1878-5832 (Electronic)$\backslash$r1359-6446 (Linking)},
  issn = {13596446},
  journal = {Drug Discovery Today},
  number = {21-22},
  pages = {1188--1198},
  pmid = {22683805},
  title = {{Open PHACTS: Semantic interoperability for drug discovery}},
  volume = {17},
  year = {2012}
}
@article{Wehling2008,
  author = {Wehling, Martin},
  doi = {10.1186/1479-5876-6-31},
  issn = {1479-5876},
  journal = {Journal of Translational Medicine},
  month = {jan},
  pages = {31},
  pmid = {18559092},
  title = {{Translational medicine: science or wishful thinking?}},
  volume = {6},
  year = {2008}
}
@inproceedings{Clemente2005,
  author = {Clemente, Jos{\'{e}} C. and Satou, Kenji and Valiente, Gabriel},
  booktitle = {International Conference on Genome Informatics},
  issn = {0919-9454},
  month = {jan},
  number = {2},
  pages = {45--55},
  pmid = {16901088},
  title = {{Reconstruction of phylogenetic relationships from metabolic pathways based on the enzyme hierarchy and the gene ontology.}},
  url = {http://www.ncbi.nlm.nih.gov/pubmed/16901088},
  volume = {16},
  year = {2005}
}
@inproceedings{Guarino1998,
  author = {Guarino, Nicola},
  booktitle = {Proceedings of the first international conference},
  doi = {10.1.1.29.1776},
  isbn = {9051993994},
  issn = {10715819},
  number = {June},
  pages = {3--15},
  title = {{Formal Ontology and Information Systems}},
  volume = {46},
  year = {1998}
}
@article{Lei2006,
  author = {Lei, Zhengdeng and Dai, Yang},
  doi = {10.1186/1471-2105-7-491},
  issn = {1471-2105},
  journal = {BMC Bioinformatics},
  month = {jan},
  number = {1},
  pages = {491},
  pmid = {17090318},
  title = {{Assessing protein similarity with Gene Ontology and its use in subnuclear localization prediction.}},
  volume = {7},
  year = {2006}
}
@Book{Rosner2010,
  author = {Rosner, Bernard},
  edition = {7th},
  isbn = {0538733497},
  publisher = {Cengage Learning},
  title = {{Fundamentals of biostatistics}},
  year = {2010}
}
@article{Janowicz2007,
  author = {Janowicz, Krzysztof and Ke{\ss}ler, Carsten and Schwarz, Mirco and Wilkes, Marco and Panov, Ilija and Espeter, Martin and B{\"{a}}umer, Boris},
  journal = {GeoSpatial Semantics},
  pages = {128--145},
  title = {{Algorithm, implementation and application of the SIM-DL similarity server}},
  url = {http://link.springer.com/chapter/10.1007/978-3-540-76876-0_9},
  year = {2007}
}
@article{Noy2001,
  author = {Noy, Natalya F. and McGuinness, Deborah L.},
  doi = {10.1016/j.artmed.2004.01.014},
  isbn = {9783540237983},
  issn = {09333657},
  journal = {Development},
  pages = {1--25},
  pmid = {3342},
  title = {{Ontology development 101: A guide to creating your first ontology}},
  volume = {32},
  year = {2001}
}
@article{Mathur2012,
  author = {Mathur, Sachin and Dinakarpandian, Deendayal},
  doi = {10.1016/j.jbi.2011.11.017},
  issn = {1532-0480},
  journal = {Journal of Biomedical Informatics},
  number = {2},
  pages = {363--71},
  pmid = {22166490},
  publisher = {Elsevier Inc.},
  title = {{Finding disease similarity based on implicit semantic similarity}},
  volume = {45},
  year = {2012}
}
@article{Golbreich2005a,
  author = {Golbreich, Christine and Zhang, Songmao and Bodenreider, Olivier},
  doi = {10.1016/j.websem.2006.05.007},
  eprint = {NIHMS150003},
  isbn = {1873-7749 (Electronic)},
  issn = {16130073},
  journal = {Web Semantics},
  number = {3},
  pages = {181--195},
  pmid = {18360535},
  title = {{The foundational model of anatomy in OWL: Experience and perspectives}},
  volume = {4},
  year = {2006}
}
@article{Sattler2013,
  author = {Sattler, Uli and Stevens, Robert D. and Lord, Phillip W.},
  journal = {Ontogenesis},
  month = {may},
  title = {{(I can't get no) satisfiability}},
  url = {http://ontogenesis.knowledgeblog.org/1329},
  year = {2013}
}
@incollection{Zhou2006,
  author = {Zhou, Jian and Ma, Li and Liu, Qiaoling and Zhang, Lei and Yu, Yong and Pan, Yue},
  booktitle = {Asian Semantic Web Conference},
  doi = {10.1007/11836025_42},
  isbn = {0302-9743},
  issn = {03029743},
  number = {Dl},
  pages = {429--443},
  title = {{Minerva : A Scalable OWL Ontology Storage and Inference System}},
  year = {2006}
}
@article{Li2011,
  author = {Li, Jiang and Gong, Bingsheng and Chen, Xi and Liu, Tao and Wu, Chao and Zhang, Fan and Li, Chunquan and Li, Xiang and Rao, Shaoqi and Li, Xia},
  doi = {10.1186/1471-2105-12-266},
  issn = {1471-2105},
  journal = {BMC Bioinformatics},
  month = {jun},
  number = {1},
  pages = {266},
  pmid = {21714896},
  title = {{DOSim: An R package for similarity between diseases based on Disease Ontology.}},
  volume = {12},
  year = {2011}
}
@techreport{Harris2013,
  author = {Harris, Steve and Seaborne, Andy},
  booktitle = {W3C Recommendation},
  doi = {citeulike-article-id:2620569},
  institution = {W3C},
  isbn = {0752820907},
  pmid = {31},
  title = {{SPARQL 1.1 Query Language}},
  year = {2013}
}
@article{Batista2012,
  author = {Batista, David S. and Ferreira, Jo{\~{a}}o D. and Couto, Francisco M. and Silva, M{\'{a}}rio J.},
  doi = {10.1007/978-3-642-28885-2_20},
  journal = {Computational Processing of the Portuguese Language},
  pages = {179--185},
  title = {{Toponym Disambiguation using Ontology-based Semantic Similarity}},
  volume = {7243},
  year = {2012}
}
@inproceedings{Rosse1995,
  author = {Rosse, Cornelius and {Ben Said}, Mohamed and Eno, Kraig R. and Brinkley, James F.},
  booktitle = {Computer Application in Medical Care},
  pages = {873--7},
  title = {{Enhancements of anatomical information in UMLS knowledge sources}},
  url = {http://www.ncbi.nlm.nih.gov/pmc/articles/PMC2579218/},
  year = {1995}
}
@inproceedings{Redmond2010,
  author = {Redmond, Timothy},
  booktitle = {OWL: Experiences and Directions},
  title = {{An Open Source Database Backend for the OWL API and Protege 4}},
  year = {2010}
}
@article{Li2010a,
  author = {Li, Chen and Donizelli, Marco and Rodriguez, Nicolas and Dharuri, Harish and Endler, Lukas and Chelliah, Vijayalakshmi and Li, Lu and He, Enuo and Henry, Arnaud and Stefan, Melanie I. and Snoep, Jacky L. and Hucka, Michael and le Nov{\`{e}}re, Nicolas and Laibe, Camille},
  doi = {doi:10.1186/1752-0509-4-92},
  journal = {BMC Systems Biology},
  number = {92},
  title = {{BioModels Database: An enhanced, curated and annotated resource for published quantitative kinetic models}},
  volume = {4},
  year = {2010}
}
@inproceedings{Lin1998,
  author = {Lin, Dekang},
  booktitle = {International Conference on Machine Learning},
  pages = {296----304},
  title = {{An information-theoretic definition of similarity}},
  url = {http://webdocs.cs.ualberta.ca/~lindek/papers/sim.pdf},
  volume = {1},
  year = {1998}
}
@article{Tao2007,
  author = {Tao, Ying and Sam, Lee and Li, Jianrong and Friedman, Carol and Lussier, Yves A.},
  doi = {10.1093/bioinformatics/btm195},
  isbn = {1367-4811 (Electronic)$\backslash$r1367-4803 (Linking)},
  issn = {1367-4811},
  journal = {Bioinformatics},
  number = {13},
  pages = {i529--38},
  pmid = {17646340},
  title = {{Information theory applied to the sparse gene ontology annotation network to predict novel gene function.}},
  volume = {23},
  year = {2007}
}
@article{Juty2015,
  author = {Juty, N. and Ali, R. and Glont, M. and Keating, S. and Rodriguez, Nicolas and Swat, M. J. and Wimalaratne, Sarala M. and Hermjakob, Henning and le Nov{\`{e}}re, Nicolas and Laibe, Camille and Chelliah, Vijayalakshmi},
  doi = {10.1002/psp4.3},
  issn = {2163-8306},
  journal = {CPT: Pharmacometrics {\&} Systems Pharmacology},
  month = {feb},
  number = {2},
  pages = {e3},
  pmid = {26225232},
  title = {{BioModels: Content, Features, Functionality, and Use.}},
  volume = {4},
  year = {2015}
}
@article{Kohler2009,
  author = {K{\"{o}}hler, Sebastian and Schulz, Marcel H. and Krawitz, Peter and Bauer, Sebastian and D{\"{o}}lken, Sandra and Ott, Claus E. and Mundlos, Christine and Horn, Denise and Mundlos, Stefan and Robinson, Peter N.},
  doi = {10.1016/j.ajhg.2009.09.003},
  issn = {1537-6605},
  journal = {American Journal of Human Genetics},
  month = {oct},
  number = {4},
  pages = {457--64},
  pmid = {19800049},
  title = {{Clinical diagnostics in human genetics with semantic similarity searches in ontologies.}},
  volume = {85},
  year = {2009}
}
@article{Rogers1964,
  author = {Rogers, F. B.},
  isbn = {0025-7338 (Print)$\backslash$r0025-7338 (Linking)},
  issn = {0025-7338},
  journal = {Bulletin of the Medical Library Association},
  pages = {150--1},
  pmid = {14119285},
  title = {{The development of MEDLARS}},
  url = {http://www.ncbi.nlm.nih.gov/pmc/articles/PMC198085/},
  volume = {52},
  year = {1964}
}
@article{Rogers1963,
  author = {Rogers, F. B.},
  issn = {0025-7338},
  journal = {Bulletin of the Medical Library Association},
  month = {jan},
  pages = {114--6},
  pmid = {13982385},
  title = {{Medical subject headings.}},
  url = {http://www.ncbi.nlm.nih.gov/pmc/articles/PMC197951/},
  volume = {51},
  year = {1963}
}
@article{Kim2013,
  author = {Kim, Jihye and Kwon, Ji-Sun and Kim, Sangsoo},
  doi = {10.5808/GI.2013.11.3.135},
  issn = {1598-866X},
  journal = {Genomics {\&} Informatics},
  number = {3},
  pages = {135--141},
  pmid = {24124409},
  title = {{Gene Set Analyses of Genome-Wide Association Studies on 49 Quantitative Traits Measured in a Single Genetic Epidemiology Dataset.}},
  volume = {11},
  year = {2013}
}
@article{Altschul1997,
  author = {Altschul, Stephen F.},
  doi = {10.1093/nar/25.17.3389},
  issn = {13624962},
  journal = {Nucleic Acids Research},
  month = {sep},
  number = {17},
  pages = {3389--3402},
  title = {{Gapped BLAST and PSI-BLAST: a new generation of protein database search programs}},
  volume = {25},
  year = {1997}
}
@article{Garla2012a,
  author = {Garla, Vijay N. and Brandt, Cynthia},
  doi = {10.1016/j.jbi.2012.04.010},
  isbn = {1532-0464},
  issn = {1532-0480},
  journal = {Journal of Biomedical Informatics},
  number = {5},
  pages = {992--8},
  pmid = {22580178},
  title = {{Ontology-guided feature engineering for clinical text classification.}},
  volume = {45},
  year = {2012}
}
@article{Emadzadeh2014,
  author = {Emadzadeh, Ehsan and Nikfarjam, Azadeh and Ginn, Rachel E. and Gonzalez, Graciela},
  doi = {10.1093/database/bau084},
  isbn = {1758-0463 (Linking)},
  issn = {1758-0463},
  journal = {Database : The Journal of Biological Databases and Curation},
  number = {i},
  pages = {1--7},
  pmid = {25209025},
  title = {{Unsupervised gene function extraction using semantic vectors.}},
  volume = {2014},
  year = {2014}
}
@article{Collins1975,
  author = {Collins, Allan M. and Loftus, Elizabeth F.},
  journal = {Psychological Review},
  number = {6},
  pages = {407----428},
  title = {{A spreading-activation theory of semantic processing}},
  url = {http://psycnet.apa.org/psycinfo/1976-03421-001},
  volume = {82},
  year = {1975}
}
@article{Ogata1999,
  author = {Ogata, H. and Goto, S. and Sato, K. and Fujibuchi, W. and Bono, H. and Kanehisa, M.},
  doi = {10.1093/nar/27.1.29},
  isbn = {0305-1048 (Print)$\backslash$r0305-1048 (Linking)},
  issn = {0305-1048},
  journal = {Nucleic Acids Research},
  number = {1},
  pages = {29--34},
  pmid = {9847135},
  title = {{KEGG: Kyoto Encyclopedia of Genes and Genomes}},
  volume = {27},
  year = {1999}
}
@article{Fawcett2006,
  author = {Fawcett, Tom},
  doi = {10.1016/j.patrec.2005.10.010},
  isbn = {226},
  issn = {01678655},
  journal = {Pattern Recognition Letters},
  number = {8},
  pages = {861--874},
  title = {{An introduction to ROC analysis}},
  volume = {27},
  year = {2006}
}
@article{Goeg2014,
  author = {G{\o}eg, Kirstine Rosenbeck and Cornet, Ronald and Andersen, Stig Kj{\ae}r},
  doi = {10.1016/j.jbi.2014.12.015},
  issn = {15320464},
  journal = {Journal of Biomedical Informatics},
  pages = {294--304},
  pmid = {25557885},
  title = {{Clustering clinical models from local electronic health records based on semantic similarity}},
  volume = {54},
  year = {2014}
}
@article{Berners-Lee2001,
  author = {Berners-Lee, Tim and Hendler, James and Lassila, Ora},
  journal = {Scientific American},
  number = {5},
  pages = {28--37},
  title = {{The semantic web}},
  url = {http://www.scientificamerican.com/article/the-semantic-web/},
  volume = {284},
  year = {2001}
}
@techreport{Motik2012,
  author = {Motik, Boris and Patel-Schneider, Peter F. and Grau, Bernardo Cuenca},
  booktitle = {W3C Recommendation},
  institution = {W3C},
  title = {{OWL 2 Web Ontology Language Direct Semantics (Second Edition)}},
  url = {http://www.w3.org/TR/2012/REC-owl2-direct-semantics-20121211/},
  year = {2012}
}
@article{Wu2006,
  author = {Wu, Xiaomei and Zhu, Lei and Guo, Jie and Zhang, Da-Yong and Lin, Kui},
  doi = {10.1093/nar/gkl219},
  issn = {1362-4962},
  journal = {Nucleic Acids Research},
  number = {7},
  pages = {2137--50},
  pmid = {16641319},
  title = {{Prediction of yeast protein-protein interaction network: insights from the Gene Ontology and annotations.}},
  volume = {34},
  year = {2006}
}
@article{Lamurias2015,
  author = {Lamurias, Andre and Ferreira, Jo{\~{a}}o D. and Couto, Francisco M.},
  doi = {10.1186/1758-2946-7-S1-S13},
  issn = {1758-2946},
  journal = {Journal of Cheminformatics},
  month = {jan},
  number = {Suppl 1 Text mining for chemistry and the CHEMDNER track},
  pages = {S13},
  pmid = {25810770},
  title = {{Improving chemical entity recognition through h-index based semantic similarity.}},
  volume = {7},
  year = {2015}
}
@article{Klement2004,
  author = {Klement, Erich Peter and Mesiar, Radko and Pap, Endre},
  doi = {10.1016/j.fss.2003.06.007},
  issn = {01650114},
  journal = {Fuzzy Sets and Systems},
  month = {apr},
  number = {1},
  pages = {5--26},
  title = {{Triangular norms. Position paper I: basic analytical and algebraic properties}},
  volume = {143},
  year = {2004}
}
@article{Degtyarenko2008a,
  author = {Degtyarenko, Kirill and de Matos, Paula and Ennis, Marcus and Hastings, Janna and Zbinden, Martin and McNaught, Alan and Alc{\'{a}}ntara, Rafael and Darsow, Michael and Guedj, Micka{\"{e}}l and Ashburner, Michael},
  doi = {10.1093/nar/gkm791},
  journal = {Nucleic Acids Research},
  number = {Database issue},
  pages = {D344},
  publisher = {Oxford Univ Press},
  title = {{ChEBI: a database and ontology for chemical entities of biological interest}},
  volume = {36},
  year = {2008}
}
@article{Smith1981,
  author = {Smith, T. F. and Waterman, M. S.},
  doi = {10.1016/0022-2836(81)90087-5},
  isbn = {0022-2836},
  issn = {00222836},
  journal = {Journal of Molecular Biology},
  number = {1},
  pages = {195--197},
  pmid = {7265238},
  title = {{Identification of common molecular subsequences.}},
  volume = {147},
  year = {1981}
}
@article{Cote1980,
  author = {C{\^{o}}t{\'{e}}, Roger A.},
  doi = {10.1001/jama.1980.03300340032015},
  issn = {0098-7484},
  journal = {The Journal of the American Medical Association},
  month = {feb},
  number = {8},
  pages = {756},
  title = {{Progress in Medical Information Management}},
  volume = {243},
  year = {1980}
}
@article{Yang2012,
  author = {Yang, Haixuan and Nepusz, Tam{\'{a}}s and Paccanaro, Alberto},
  doi = {10.1093/bioinformatics/bts129},
  issn = {1367-4811},
  journal = {Bioinformatics},
  month = {may},
  number = {10},
  pages = {1383--9},
  pmid = {22522134},
  title = {{Improving GO semantic similarity measures by exploring the ontology beneath the terms and modelling uncertainty.}},
  volume = {28},
  year = {2012}
}
@article{Pedersen2007,
  author = {Pedersen, Ted and Pakhomov, Serguei V. S. and Patwardhan, Siddharth and Chute, Christopher G.},
  doi = {10.1016/j.jbi.2006.06.004},
  issn = {1532-0480},
  journal = {Journal of Biomedical Informatics},
  month = {jun},
  number = {3},
  pages = {288--99},
  pmid = {16875881},
  title = {{Measures of semantic similarity and relatedness in the biomedical domain.}},
  volume = {40},
  year = {2007}
}
@phdthesis{Lehmann2012,
  author = {Lehmann, Karsten},
  school = {Universit{\"{a}}t Dresden},
  title = {{A Framework for Semantic Invariant Similarity Measures for ELH Concept Descriptions}},
  type = {Graduate Thesis},
  year = {2012}
}
@article{Klebe1994,
  author = {Klebe, Gerhard and Abraham, Ute and Mietzner, Thomas},
  doi = {10.1021/jm00050a010},
  isbn = {0022-2623 (Print)},
  issn = {00222623},
  journal = {Journal of Medicinal Chemistry},
  number = {24},
  pages = {4130--4146},
  pmid = {7990113},
  title = {{Molecular similarity indices in a comparative analysis (CoMSIA) of drug molecules to correlate and predict their biological activity}},
  volume = {37},
  year = {1994}
}
@misc{GOIntroduction,
  author = {{The Gene Ontology Consortium}},
  title = {{An Introduction to the Gene Ontology}},
  url = {http://www.geneontology.org/GO.doc.shtml},
  urldate = {2015-10-28},
  year = {2012}
}
@article{Whisstock2003,
  author = {Whisstock, James C. and Lesk, Arthur M.},
  doi = {10.1017/S0033583503003901},
  isbn = {0033-5835},
  issn = {0033-5835},
  journal = {Quarterly Reviews of Biophysics},
  number = {3},
  pages = {307--340},
  pmid = {15029827},
  title = {{Prediction of protein function from protein sequence and structure.}},
  volume = {36},
  year = {2003}
}
@article{Rada1989,
  author = {Rada, Roy and Mili, Hafedh and Bicknell, Ellen and Blettner, Maria},
  doi = {10.1109/21.24528},
  issn = {00189472},
  journal = {IEEE Transactions on Systems, Man, and Cybernetics},
  number = {1},
  pages = {17--30},
  title = {{Development and application of a metric on semantic nets}},
  volume = {19},
  year = {1989}
}
@article{Papin2003,
  author = {Papin, Jason A. and Price, Nathan D. and Wiback, Sharon J. and Fell, David A. and Palsson, Bernhard O.},
  doi = {10.1016/S0968-0004(03)00064-1},
  isbn = {0968-0004 (Linking)},
  issn = {0968-0004},
  journal = {Trends in Biochemical Sciences},
  number = {5},
  pages = {250--258},
  pmid = {12765837},
  title = {{Metabolic pathways in the post-genome era.}},
  volume = {28},
  year = {2003}
}
@article{Rodriguez2003,
  author = {Rodr{\'{\i}}guez, M. Andrea and Egenhofer, Max J.},
  doi = {10.1109/TKDE.2003.1185844},
  journal = {Knowledge Creation Diffusion Utilization},
  number = {2},
  pages = {442--456},
  title = {{Determining Semantic Similarity among Entity Classes from Different Ontologies}},
  volume = {15},
  year = {2003}
}
@article{Quine1948,
  author = {Quine, Willard van Orman},
  journal = {Review of Metaphysics},
  pages = {21--38},
  title = {{On What There Is}},
  year = {1948}
}
@article{Hauke2011,
  author = {Hauke, Jan and Kossowski, Tomasz},
  doi = {10.2478/v10117-011-0021-1},
  isbn = {9788362662623},
  issn = {0137-477X},
  journal = {Quaestiones Geographicae},
  number = {2},
  pages = {87--93},
  title = {{Comparison of Values of Pearson's and Spearman's Correlation Coefficients on the Same Sets of Data}},
  volume = {30},
  year = {2011}
}
@misc{Pesquita2013,
  author = {Pesquita, Catia and Ferreira, Jo{\~{a}}o D. and Couto, Francisco M. and Silva, M{\'{a}}rio J.},
  publisher = {Epiwork International Workshop on Digital Epidemiology},
  title = {{Semi-automated annotation of epidemiological resources}},
  url = {http://webpages.fc.ul.pt/~fjcouto/files/abstract%20cpesquita-epiwork2013.pdf},
  year = {2013}
}
@phdthesis{Araujo2009,
  author = {Ara{\'{u}}jo, Rudi},
  school = {Universidade T{\'{e}}cnica de Lisboa},
  title = {{Semantic Similarity for Description Logics}},
  year = {2009}
}
@article{Hastings2013,
  author = {Hastings, Janna and de Matos, Paula and Dekker, Adriano and Ennis, Marcus and Harsha, Bhavana and Kale, Namrata and Muthukrishnan, Venkatesh and Owen, Gareth and Turner, Steve and Williams, Mark and Steinbeck, Christoph},
  doi = {10.1093/nar/gks1146},
  issn = {1362-4962},
  journal = {Nucleic Acids Research},
  month = {jan},
  number = {Database issue},
  pages = {D456--63},
  pmid = {23180789},
  title = {{The ChEBI reference database and ontology for biologically relevant chemistry: enhancements for 2013.}},
  volume = {41},
  year = {2013}
}
@inproceedings{Azuaje2004,
  author = {Azuaje, Francisco and Bodenreider, Olivier},
  booktitle = {IEEE Symposium on Bioinformatics and Bioengineering},
  doi = {10.1109/BIBE.2004.1317360},
  isbn = {0-7695-2173-8},
  pages = {317--324},
  publisher = {IEEE},
  title = {{Incorporating ontology-driven similarity knowledge into functional genomics: an exploratory study}},
  year = {2004}
}
@article{Carbon2009,
  author = {Carbon, Seth and Ireland, Amelia and Mungall, Christopher J. and Shu, ShengQiang and Marshall, Brad and Lewis, Suzanna},
  doi = {10.1093/bioinformatics/btn615},
  issn = {1367-4811},
  journal = {Bioinformatics},
  month = {jan},
  number = {2},
  pages = {288--9},
  pmid = {19033274},
  title = {{AmiGO: online access to ontology and annotation data.}},
  volume = {25},
  year = {2009}
}
@techreport{Ferreira2010a,
  author = {Ferreira, Jo{\~{a}}o D. and Batista, David S. and Couto, Francisco M. and Silva, M{\'{a}}rio J.},
  doi = {DOI:10455/6677},
  institution = {Departamento de Inform{\'{a}}tica -- Faculdade de Ci{\^{e}}ncias - Universidade de Lisboa},
  number = {October},
  title = {{The Geo-Net-PT / Yahoo ! GeoPlanet TM concordance}},
  year = {2010}
}
@article{Al-Mubaid2009,
  author = {Al-Mubaid, Hisham and Nguyen, Hoa A.},
  doi = {10.1109/TSMCC.2009.2020689},
  issn = {1094-6977},
  journal = {IEEE Transactions on Systems, Man, and Cybernetics},
  month = {jul},
  number = {4},
  pages = {389--398},
  title = {{Measuring Semantic Similarity Between Biomedical Concepts Within Multiple Ontologies}},
  volume = {39},
  year = {2009}
}
@article{Baumgartner2011,
  author = {Baumgartner, Christian and Osl, Melanie and Netzer, Michael and Baumgartner, Daniela},
  doi = {10.1186/2043-9113-1-2},
  isbn = {2043-9113 (Electronic)$\backslash$r2043-9113 (Linking)},
  issn = {2043-9113},
  journal = {Journal of Clinical Bioinformatics},
  number = {1},
  pages = {2},
  pmid = {21884622},
  title = {{Bioinformatic-driven search for metabolic biomarkers in disease.}},
  volume = {1},
  year = {2011}
}
@article{Lopes2012,
  author = {Lopes, Pedro and Oliveira, Jos{\'{e}} Lu{\'{\i}}s},
  doi = {10.1186/2041-1480-3-11},
  issn = {2041-1480},
  journal = {Journal of Biomedical Semantics},
  month = {dec},
  number = {1},
  pages = {11},
  pmid = {23244467},
  title = {{COEUS: "semantic web in a box" for biomedical applications.}},
  volume = {3},
  year = {2012}
}
@article{Bateman2002,
  author = {Bateman, Alex and Birney, Ewan and Cerruti, Lorenzo and Durbin, Richard and Etwiller, Laurence and Eddy, Sean R. and Griffiths-Jones, Sam and Howe, Kevin L. and Marshall, Mhairi and Sonnhammer, Erik L. L.},
  doi = {10.1093/nar/30.1.276},
  isbn = {0305-1048},
  issn = {13624962},
  journal = {Nucleic Acids Research},
  number = {1},
  pages = {276--280},
  pmid = {11752314},
  title = {{The Pfam Protein Families Database}},
  volume = {30},
  year = {2002}
}
@article{OConnor2009,
  author = {O'Connor, Martin Joseph and Das, Amar},
  issn = {16130073},
  journal = {OWL: Experiences and Directions},
  number = {Owled},
  title = {{SQWRL: A query language for OWL}},
  url = {http://ceur-ws.org/Vol-529/owled2009_submission_42.pdf},
  volume = {529},
  year = {2009}
}
@article{Osborne2009,
  author = {Osborne, John D. and Flatow, Jared and Holko, Michelle and Lin, Simon M. and Kibbe, Warren A. and Zhu, Lihua and Danila, Maria I. and Feng, Gang and Chisholm, Rex L.},
  doi = {10.1186/1471-2164-10-S1-S6},
  issn = {1471-2164},
  journal = {BMC Genomics},
  month = {jan},
  number = {Suppl 1},
  pages = {S6},
  pmid = {19594883},
  title = {{Annotating the human genome with Disease Ontology}},
  volume = {10},
  year = {2009}
}
@techreport{DCMI2012,
  author = {{DCMI Usage Board}},
  booktitle = {DCMI Recommendation},
  title = {{DCMI Metadata Terms}},
  url = {http://dublincore.org/documents/dcmi-terms/},
  year = {2012}
}
@misc{Barton2012,
  author = {Barton, Michael},
  title = {{Bioinformatics Career Survey}},
  url = {http://openwetware.org/wiki/Biogang:Projects/Bioinformatics_Career_Survey_2008},
  urldate = {2015-11-26},
  year = {2012}
}
@article{Baader2005,
  author = {Baader, Franz and Horrocks, Ian and Sattler, Ulrike},
  journal = {Mechanizing Mathematical Reasoning},
  pages = {1--21},
  title = {{Description logics as ontology languages for the semantic web}},
  url = {http://link.springer.com/chapter/10.1007/978-3-540-32254-2_14},
  year = {2005}
}
@article{Pesquita2009,
  author = {Pesquita, Catia and Faria, Daniel and Falc{\~{a}}o, Andr{\'{e}} O. and Lord, Phillip W. and Couto, Francisco M.},
  doi = {10.1371/journal.pcbi.1000443},
  journal = {PLoS computational biology},
  number = {7},
  pages = {e1000443},
  pmid = {19649320},
  title = {{Semantic similarity in biomedical ontologies}},
  volume = {5},
  year = {2009}
}
@inproceedings{Chow2005,
  author = {Chow, Stirling and Rodgers, Peter},
  booktitle = {Euler Diagrams},
  pages = {1--4},
  title = {{Constructing area-proportional Venn and Euler diagrams with three circles}},
  url = {https://kar.kent.ac.uk/14285/},
  year = {2005}
}
@inproceedings{Hastings2012,
  author = {Hastings, Janna and de Matos, Paula and Dekker, Adriano and Ennis, Marcus and Muthukrishnan, Venkatesh and Turner, Steve and Owen, Gareth and Steinbeck, Christoph},
  booktitle = {International Conference on Biomedical Ontologies},
  title = {{Modular Extensions to the ChEBI Ontology}},
  url = {http://ceur-ws.org/Vol-897/poster_7.pdf},
  year = {2012}
}
@incollection{Nardi2003,
  author = {Nardi, Daniele and Brachman, Ronald J.},
  booktitle = {The Description Logic Handbook: Theory, Implementation and Applications},
  chapter = {1},
  doi = {10.1017/CBO9780511711787.003},
  edition = {2},
  editor = {Baader, Franz},
  isbn = {0-521-78176-0},
  pages = {5--41},
  publisher = {Cambridge University Press},
  title = {{An Introduction to Description Logics}},
  year = {2003}
}
@article{Liu2011,
  author = {Liu, Bing and Zhang, Jing and Tan, Pei Yi and Hsu, David and Blom, Anna M. and Leong, Benjamin and Sethi, Sunil and Ho, Bow and Ding, Jeak Ling and Thiagarajan, P. S.},
  doi = {10.1371/journal.pcbi.1001059},
  issn = {1553-7358},
  journal = {PLoS computational biology},
  number = {1},
  pages = {e1001059},
  pmid = {21283780},
  title = {{A computational and experimental study of the regulatory mechanisms of the complement system.}},
  volume = {7},
  year = {2011}
}
@article{Fleuren2015,
  author = {Fleuren, Wilco W M and Alkema, Wynand},
  doi = {10.1016/j.ymeth.2015.01.015},
  issn = {1095-9130},
  journal = {Methods (San Diego, Calif.)},
  pages = {97--106},
  pmid = {25641519},
  title = {{Application of text mining in the biomedical domain.}},
  volume = {74},
  year = {2015}
}
@article{Altschul1990,
  author = {Altschul, Stephen F. and Gish, Warren and Miller, Webb and Myers, Eugene W. and Lipman, David J.},
  doi = {10.1006/jmbi.1990.9999},
  isbn = {0022-2836 (Print)$\backslash$r0022-2836 (Linking)},
  issn = {0022-2836},
  journal = {Journal of Molecular Biology},
  number = {3},
  pages = {403--10},
  pmid = {2231712},
  title = {{Basic local alignment search tool.}},
  volume = {215},
  year = {1990}
}
@article{Uniprot2010,
  author = {{The UniProt Consortium}},
  doi = {10.1093/nar/gkp846},
  issn = {1362-4962},
  journal = {Nucleic Acids Research},
  month = {jan},
  number = {Database issue},
  pages = {D142--8},
  pmid = {19843607},
  title = {{The Universal Protein Resource (UniProt) in 2010.}},
  volume = {38},
  year = {2010}
}
@article{Pesquita2008,
  author = {Pesquita, Catia and Faria, Daniel and Bastos, Hugo and Ferreira, Ant{\'{o}}nio E. N. and Falc{\~{a}}o, Andr{\'{e}} O. and Couto, Francisco M.},
  doi = {10.1186/1471-2105-9-S5-S4},
  issn = {1471-2105},
  journal = {BMC Bioinformatics},
  pages = {S4},
  pmid = {18460186},
  title = {{Metrics for GO based protein semantic similarity: a systematic evaluation.}},
  volume = {9 Suppl 5},
  year = {2008}
}
@article{Tan2014,
  author = {Tan, Fujian and Yang, Ruizhi and Xu, Xiaoxue and Chen, Xiujie and Wang, Yunfeng and Ma, Hongzhe and Liu, Xiangqiong and Wu, Xin and Chen, Yuelong and Liu, Lei and Jia, Xiaodong},
  doi = {10.1039/c3mb70554d},
  isbn = {1742-2051 (Electronic)$\backslash$r1742-2051 (Linking)},
  issn = {1742-2051},
  journal = {Molecular BioSystems},
  number = {5},
  pages = {1126--38},
  pmid = {24603772},
  title = {{Drug repositioning by applying 'expression profiles' generated by integrating chemical structure similarity and gene semantic similarity.}},
  volume = {10},
  year = {2014}
}
@article{Resnik1999,
  author = {Resnik, Philip},
  doi = {10.1613/jair.514},
  eprint = {1105.5444},
  journal = {Journal of Artificial Intelligence Research},
  pages = {95--130},
  title = {{Semantic Similarity in a Taxonomy: An Information-Based Measure and its Application to Problems of Ambiguity in Natural Language}},
  volume = {11},
  year = {1999}
}
@article{Tversky1977,
  author = {Tversky, Amos},
  journal = {Psychological Review},
  number = {4},
  pages = {327----352},
  title = {{Features of similarity}},
  url = {http://psycnet.apa.org/journals/rev/84/4/327/},
  volume = {84},
  year = {1977}
}
@article{Ferreira2013,
  author = {Ferreira, Jo{\~{a}}o D. and Hastings, Janna and Couto, Francisco M.},
  doi = {10.1093/bioinformatics/btt491},
  isbn = {1367-4811 (Electronic)},
  issn = {1367-4811},
  journal = {Bioinformatics},
  number = {21},
  pages = {2781--7},
  pmid = {24002110},
  title = {{Exploiting disjointness axioms to improve semantic similarity measures.}},
  volume = {29},
  year = {2013}
}
@inproceedings{Subramanian2005,
  author = {Subramanian, Aravind and Tamayo, Pablo and Mootha, Vamsi K. and Mukherjee, Sayan and Ebert, Benjamin L.},
  booktitle = {Proceedings of the National Academy of Sciences},
  doi = {10.1073/pnas.0506580102},
  number = {43},
  pages = {15545--15550},
  title = {{Gene set enrichment analysis : A knowledge-based approach for interpreting genome-wide}},
  volume = {102},
  year = {2005}
}
@article{Seco2004,
  author = {Seco, Nuno and Veale, Tony and Hayes, Jer},
  journal = {ECAI},
  pages = {1089},
  title = {{An intrinsic information content metric for semantic similarity in WordNet}},
  url = {http://afflatus.ucd.ie/papers/ecai2004b.pdf},
  volume = {16},
  year = {2004}
}
@article{Couto2007,
  author = {Couto, Francisco M. and Silva, M{\'{a}}rio J. and Coutinho, Pedro M.},
  doi = {10.1016/j.datak.2006.05.003},
  issn = {0169023X},
  journal = {Data {\&} Knowledge Engineering},
  month = {apr},
  number = {1},
  pages = {137--152},
  title = {{Measuring semantic similarity between Gene Ontology terms}},
  volume = {61},
  year = {2007}
}
@article{Davies1979,
  author = {Davies, D. L. and Bouldin, D. W.},
  doi = {10.1109/TPAMI.1979.4766909},
  isbn = {0162-8828},
  issn = {0162-8828},
  journal = {IEEE Transactions on Pattern Analysis and Machine Intelligence},
  number = {2},
  pages = {224--227},
  pmid = {21868852},
  title = {{A cluster separation measure.}},
  volume = {1},
  year = {1979}
}
@inproceedings{Wu1994,
  author = {Wu, Zhibiao and Palmer, Martha},
  booktitle = {Proceedings of the 32nd annual meeting on Association for Computational Linguistics -},
  doi = {10.3115/981732.981751},
  pages = {133--138},
  publisher = {Association for Computational Linguistics},
  title = {{Verbs semantics and lexical selection}},
  year = {1994}
}
@article{Hoehndorf2013,
  author = {Hoehndorf, Robert and Dumontier, Michel and Gkoutos, Georgios V.},
  doi = {10.1093/bib/bbs053},
  isbn = {1477-4054 (Linking)},
  issn = {14675463},
  journal = {Briefings in Bioinformatics},
  number = {6},
  pages = {696--712},
  pmid = {22962340},
  title = {{Evaluation of research in biomedical ontologies}},
  volume = {14},
  year = {2013}
}
@inproceedings{Varelas2005,
  author = {Varelas, Giannis and Voutsakis, Epimenidis and Raftopoulou, Paraskevi and Petrakis, Euripides G. M. and Milios, Evangelos E.},
  booktitle = {International Workshop on Web Information and Data Management},
  doi = {10.1145/1097047.1097051},
  isbn = {1595931945},
  pages = {10--16},
  title = {{Semantic similarity methods in wordNet and their application to information retrieval on the web}},
  year = {2005}
}
@article{Sanchez2012b,
  author = {S{\'{a}}nchez, David and Batet, Montserrat and Isern, David and Valls, Aida},
  doi = {10.1016/j.eswa.2012.01.082},
  issn = {09574174},
  journal = {Expert Systems with Applications},
  month = {jul},
  number = {9},
  pages = {7718--7728},
  title = {{Ontology-based semantic similarity: A new feature-based approach}},
  volume = {39},
  year = {2012}
}
@inproceedings{Araujo2007a,
  author = {Ara{\'{u}}jo, Rudi and Pinto, H. Sofia},
  booktitle = {International Workshop on Description Logics},
  title = {{Semilarity: Towards a model-driven approach to similarity}},
  url = {http://ceur-ws.org/Vol-250/paper_22.pdf},
  volume = {250},
  year = {2007}
}
@article{Zhang2007,
  author = {Zhang, Min Ling and Zhou, Zhi Hua},
  doi = {10.1016/j.patcog.2006.12.019},
  isbn = {0031-3203},
  issn = {00313203},
  journal = {Pattern Recognition Letters},
  number = {7},
  pages = {2038--2048},
  title = {{ML-KNN: A lazy learning approach to multi-label learning}},
  volume = {40},
  year = {2007}
}
@book{Porta2008,
  edition = {5th},
  editor = {Porta, Miquel},
  isbn = {9780199976737},
  publisher = {Oxford University Press, 2008},
  title = {{A dictionary of epidemiology}},
  url = {https://global.oup.com/academic/product/a-dictionary-of-epidemiology-9780199976737},
  year = {2008}
}
@book{Berendzen1973,
  author = {Berendzen, Richard},
  booktitle = {National Aeronautics and Space Administration Symposium},
  title = {{Life beyond earth and the mind of man}},
  url = {http://hdl.handle.net/2060/19730022075},
  year = {1973}
}
@article{Astrova2007,
  author = {Astrova, Irina and Korda, Nahum and Kalja, Ahto},
  journal = {Engineering and Technology},
  number = {4},
  pages = {167--172},
  title = {{Storing OWL Ontologies in SQL3 Object-Relational Databases}},
  url = {www.wseas.us/e-library/conferences/2008/rhodes/aic/aic15.pdf},
  volume = {1},
  year = {2007}
}
@misc{Aranguren2010,
  author = {Aranguren, Mikel},
  booktitle = {Ontogenesis},
  title = {{Automatic maintenance of multiple inheritance ontologies}},
  url = {http://ontogenesis.knowledgeblog.org/49},
  year = {2010}
}
@article{Salwinski2004,
  author = {Salwinski, Lukasz and Miller, Christopher S. and Smith, Adam J. and Pettit, Frank K. and Bowie, James U. and Eisenberg, David},
  doi = {10.1093/nar/gkh086},
  isbn = {1362-4962 (Electronic)$\backslash$n0305-1048 (Linking)},
  issn = {1362-4962},
  journal = {Nucleic Acids Research},
  number = {Database issue},
  pages = {D449--D451},
  pmid = {14681454},
  title = {{The Database of Interacting Proteins: 2004 update.}},
  volume = {32},
  year = {2004}
}
@article{Miller1995,
  author = {Miller, George A.},
  doi = {10.1145/219717.219748},
  issn = {00010782},
  journal = {Communications of the ACM},
  month = {nov},
  number = {11},
  pages = {39--41},
  title = {{WordNet: a lexical database for English}},
  volume = {38},
  year = {1995}
}
@article{Guzzi2013,
  author = {Guzzi, Pietro Hiram and Veltri, Pierangelo and Cannataro, Mario},
  doi = {10.1007/s12539-013-0173-x},
  issn = {1867-1462},
  journal = {Interdisciplinary Sciences, Computational Life Sciences},
  number = {3},
  pages = {187--95},
  pmid = {24307410},
  title = {{OntoPIN: an ontology-annotated PPI database.}},
  volume = {5},
  year = {2013}
}
@inproceedings{Kamdar2015,
  author = {Kamdar, Maulik R. and Tudorache, Tania and Musen, Mark A.},
  booktitle = {International Conference on Biomedical Ontologies},
  title = {{Investigating Term Reuse and Overlap in Biomedical Ontologies}},
  url = {http://ceur-ws.org/Vol-1515/regular9.pdf},
  year = {2015}
}
@inproceedings{Jiang1997,
  author = {Jiang, Jay J. and Conrath, David W.},
  booktitle = {Research on Computational Linguistics},
  title = {{Semantic similarity based on corpus statistics and lexical taxonomy}},
  url = {http://www.aclclp.org.tw/rocling/1997/M02.pdf},
  year = {1997}
}
@article{Bizer2009,
  author = {Bizer, Christian and Heath, Tom and Berners-Lee, Tim},
  doi = {10.4018/jswis.2009081901},
  editor = {Heath, T and Hepp, M and Bizer, C},
  issn = {15526283},
  journal = {International Journal on Semantic Web and Information Systems},
  number = {3},
  pages = {1--22},
  publisher = {Elsevier},
  title = {{Linked Data - The Story So Far}},
  volume = {5},
  year = {2009}
}
@inproceedings{Couto2012,
  author = {Couto, Francisco M. and Ferreira, Jo{\~{a}}o D. and Zamite, Jo{\~{a}}o and Santos, Carlos and Posse, Tiago and Gra{\c{c}}a, Paulo and Domingos, Dulce and Silva, M{\'{a}}rio J.},
  booktitle = {International Conference on Biomedical Ontologies},
  title = {{The Epidemic Marketplace Platform: towards semantic characterization of epidemiological resources using biomedical ontologies}},
  url = {http://ceur-ws.org/Vol-897/demo_1.pdf},
  year = {2012}
}
@article{Spasic2005,
  author = {Spasic, Irena and Ananiadou, Sophia and McNaught, John and Kumar, Anand},
  issn = {1467-5463},
  journal = {Briefings in Bioinformatics},
  month = {sep},
  number = {3},
  pages = {239--51},
  pmid = {16212772},
  publisher = {Oxford Univ Press},
  title = {{Text mining and ontologies in biomedicine: making sense of raw text.}},
  url = {http://www.ncbi.nlm.nih.gov/pubmed/16212772},
  volume = {6},
  year = {2005}
}
@inproceedings{Lopes2010,
  author = {Lopes, Luis Filipe and Silva, Fabr{\'{\i}}cio A. B. and Couto, Francisco M. and Zamite, Jo{\~{a}}o and Ferreira, Hugo and Sousa, Carla and Silva, M{\'{a}}rio J.},
  booktitle = {Information Technology in Bio- and Medical-Informatics},
  pages = {31--44},
  title = {{Epidemic Marketplace: an information management system for epidemiological data}},
  url = {http://link.springer.com/chapter/10.1007/978-3-642-15020-3_3},
  year = {2010}
}
@article{Wu2013,
  author = {Wu, Xiaomei and Pang, Erli and Lin, Kui and Pei, Zhen-Ming},
  doi = {10.1371/journal.pone.0066745},
  issn = {1932-6203},
  journal = {PloS One},
  month = {jan},
  number = {5},
  pages = {e66745},
  pmid = {23741529},
  title = {{Improving the Measurement of Semantic Similarity between Gene Ontology Terms and Gene Products: Insights from an Edge- and IC-Based Hybrid Method.}},
  volume = {8},
  year = {2013}
}
@article{Nair2002,
  author = {Nair, Rajesh and Rost, Burkhard},
  doi = {10.1110/ps.0207402},
  isbn = {0961-8368 (Print)$\backslash$r0961-8368},
  issn = {0961-8368},
  journal = {Protein Science},
  pages = {2836--2847},
  pmid = {12441382},
  title = {{Sequence conserved for subcellular localization.}},
  volume = {11},
  year = {2002}
}
@phdthesis{Budanitsky1999,
  author = {Budanitsky, Alexander},
  number = {August},
  school = {University of Toronto},
  title = {{Lexical semantic relatedness and its application in natural language processing}},
  url = {http://ukpmc.ac.uk/abstract/CIT/300791},
  year = {1999}
}
@book{Overton2013,
  author = {Overton, Willis F.},
  isbn = {1134735146},
  pages = {344},
  publisher = {Psychology Press},
  title = {{Reasoning, Necessity, and Logic: Developmental Perspectives}},
  url = {https://books.google.com/books?hl=en&lr=&id=Y2gTxnlDY20C&pgis=1},
  year = {2013}
}
@article{Ferreira2010,
  author = {Ferreira, Jo{\~{a}}o D. and Couto, Francisco M.},
  doi = {10.1371/journal.pcbi.1000937},
  editor = {Mitchell, John B. O.},
  issn = {1553-7358},
  journal = {PLoS Computational Biology},
  month = {sep},
  number = {9},
  pages = {e1000937},
  title = {{Semantic Similarity for Automatic Classification of Chemical Compounds}},
  volume = {6},
  year = {2010}
}
@inproceedings{Xiang2011,
  author = {Xiang, Zuoshuang and Mungall, Christopher J. and Ruttenberg, Alan and He, Yongqun},
  booktitle = {International Conference on Biomedical Ontologies},
  issn = {16130073},
  pages = {279--281},
  title = {{Ontobee: A linked data server and browser for ontology terms}},
  url = {http://ceur-ws.org/Vol-833/paper48.pdf},
  volume = {833},
  year = {2011}
}
@article{Grenon2004,
  author = {Grenon, Pierre and Smith, Barry and Goldberg, Louis J.},
  doi = {10.3233/978-1-60750-945-5-20},
  isbn = {0926-9630},
  issn = {09269630},
  journal = {Studies in Health Technology and Informatics},
  number = {ii},
  pages = {20--38},
  pmid = {15853262},
  title = {{Biodynamic ontology: Applying BFO in the biomedical domain}},
  volume = {102},
  year = {2004}
}
@techreport{Grego2010,
  author = {Grego, Tiago and Ferreira, Jo{\~{a}}o D. and Pesquita, Catia and Bastos, Hugo and {Vila Vi{\c{c}}osa}, Diogo and Freire, Jo{\~{a}}o M. and Couto, Francisco M.},
  doi = {DOI:10455/3335},
  institution = {Department of Informatics, Faculty of Sciences, University of Lisbon},
  title = {{Chemical and Metabolic Pathway Semantic Similarity}},
  year = {2010}
}
@article{Whetzel2011,
  author = {Whetzel, Patricia L. and Noy, Natalya F. and Shah, Nigam H. and Alexander, Paul R. and Nyulas, Csongor and Tudorache, Tania and Musen, Mark A.},
  doi = {10.1093/nar/gkr469},
  issn = {1362-4962},
  journal = {Nucleic Acids Research},
  month = {jul},
  number = {Web Server issue},
  pages = {W541--5},
  pmid = {21672956},
  title = {{BioPortal: enhanced functionality via new Web services from the National Center for Biomedical Ontology to access and use ontologies in software applications.}},
  volume = {39},
  year = {2011}
}
@techreport{Gentleman2007,
  author = {Gentleman, R.},
  title = {{Visualizing and distances using GO}},
  url = {http://www.bioconductor.org/packages/release/bioc/vignettes/GOstats/inst/doc/GOvis.pdf},
  year = {2007}
}
@article{Larsen2010,
  author = {Larsen, Peder Olesen and von Ins, Markus},
  doi = {10.1007/s11192-010-0202-z},
  issn = {0138-9130},
  journal = {Scientometrics},
  month = {sep},
  number = {3},
  pages = {575--603},
  pmid = {20700371},
  title = {{The rate of growth in scientific publication and the decline in coverage provided by Science Citation Index.}},
  volume = {84},
  year = {2010}
}
@article{Supek2011,
  author = {Supek, Fran and Bo{\v{s}}njak, Matko and {\v{S}}kunca, Nives and {\v{S}}muc, Tomislav},
  doi = {10.1371/journal.pone.0021800},
  isbn = {1932-6203 (Electronic)$\backslash$r1932-6203 (Linking)},
  issn = {1932-6203},
  journal = {PloS One},
  number = {7},
  pages = {e21800},
  pmid = {21789182},
  title = {{REVIGO summarizes and visualizes long lists of gene ontology terms.}},
  volume = {6},
  year = {2011}
}
@article{Couto2013,
  author = {Couto, Francisco M and Pinto, H Sofia},
  doi = {10.1142/S0219720013710017},
  issn = {1757-6334},
  journal = {Journal of bioinformatics and computational biology},
  number = {5},
  pages = {1371001},
  pmid = {24131058},
  title = {{The next generation of similarity measures that fully explore the semantics in biomedical ontologies.}},
  volume = {11},
  year = {2013}
}
@article{Shvaiko2005,
  author = {Shvaiko, Pavel and Euzenat, J{\'{e}}r{\^{o}}me},
  journal = {Journal on Data Semantics},
  pages = {146--171},
  title = {{A survey of schema-based matching approaches}},
  url = {http://link.springer.com/chapter/10.1007/11603412_5},
  volume = {IV},
  year = {2005}
}
@book{Klement2000,
  author = {Klement, Erich Peter and Mesiar, Radko and Pap, Endre},
  isbn = {9780792364160},
  publisher = {Springer},
  title = {{Triangular Norms}},
  year = {2000}
}
@article{Pandey2008,
  author = {Pandey, Jayesh and Koyut{\"{u}}rk, Mehmet and Subramaniam, Shankar and Grama, Ananth},
  doi = {10.1093/bioinformatics/btn296},
  issn = {1367-4811},
  journal = {Bioinformatics},
  month = {aug},
  number = {16},
  pages = {i28--34},
  pmid = {18689835},
  title = {{Functional coherence in domain interaction networks}},
  volume = {24},
  year = {2008}
}
@article{Ashburner2000,
  author = {Ashburner, Michael and Ball, Catherine A. and Blake, Judith A. and Botstein, David and Butler, Heather and Cherry, J. Michael and Davis, Allan P. and Dolinski, Kara and Dwight, Selina S. and Eppig, Janan T. and Harris, Midori A. and Hill, David P. and Issel-Tarver, Laurie and Kasarskis, Andrew and Lewis, Suzanna and Matese, John C. and Richardson, Joel E. and Ringwald, Martin and Rubin, Gerald M. and Sherlock, Gavin},
  journal = {Nature Genetics},
  number = {1},
  pages = {25----29},
  publisher = {Nature Publishing Group},
  title = {{Gene Ontology: tool for the unification of biology}},
  url = {http://www.nature.com/ng/journal/v25/n1/abs/ng0500_25.html},
  volume = {25},
  year = {2000}
}
@inproceedings{Ferreira2012,
  author = {Ferreira, Jo{\~{a}}o D. and Pesquita, Catia and Couto, Francisco M. and Silva, M{\'{a}}rio J.},
  booktitle = {International Conference on Biomedical Ontologies},
  title = {{Bringing epidemiology into the Semantic Web}},
  url = {http://ceur-ws.org/Vol-897/session1-paper02.pdf},
  year = {2012}
}
@article{Williams2008,
  author = {Williams, Antony J.},
  doi = {10.1016/j.drudis.2008.03.017},
  issn = {1359-6446},
  journal = {Drug Discovery Today},
  month = {jun},
  number = {11-12},
  pages = {495--501},
  pmid = {18549975},
  title = {{A perspective of publicly accessible/open-access chemistry databases.}},
  volume = {13},
  year = {2008}
}
@book{Euzenat2007,
  author = {Euzenat, J{\'{e}}r{\^{o}}me and Shvaiko, Pavel},
  edition = {1st},
  isbn = {3-540-49611-4},
  publisher = {Springer-Verlang},
  title = {{Ontology matching}},
  url = {http://book.ontologymatching.org/},
  year = {2007}
}
@article{Nalichowski2006,
  author = {Nalichowski, Ruth and Keogh, Diane and Chueh, Henry C. and Murphy, Shawn N.},
  issn = {1942-597X},
  journal = {AMIA Annual Symposium Proceedings},
  month = {jan},
  pages = {1044},
  pmid = {17238663},
  title = {{Calculating the benefits of a Research Patient Data Repository.}},
  url = {http://www.ncbi.nlm.nih.gov/pmc/articles/PMC1839563/},
  year = {2006}
}
@article{Oliver1971,
  author = {Oliver, Bernard M. and Billingham, John},
  journal = {The 1971 NASA/ASEE Summer Facultu Fellowship Program},
  title = {{Project Cyclops: A Design Study of a System for Detecting Extraterrestrial Intelligent Life}},
  url = {https://seti.berkeley.edu/sites/default/files/19730010095_1973010095.pdf},
  year = {1971}
}
@article{Guo2006,
  author = {Guo, Xiang and Liu, Rongxiang and Shriver, Craig D. and Hu, Hai and Liebman, Michael N.},
  doi = {10.1093/bioinformatics/btl042},
  issn = {1367-4803},
  journal = {Bioinformatics},
  month = {apr},
  number = {8},
  pages = {967--73},
  pmid = {16492685},
  title = {{Assessing semantic similarity measures for the characterization of human regulatory pathways.}},
  volume = {22},
  year = {2006}
}
@article{Vafaee2013,
  author = {Vafaee, Fatemeh and Rosu, Daniela and Broackes-Carter, Fiona and Jurisica, Igor},
  doi = {10.1186/1752-0509-7-22},
  issn = {1752-0509},
  journal = {BMC Systems Biology},
  month = {jan},
  pages = {22},
  pmid = {23497449},
  title = {{Novel semantic similarity measure improves an integrative approach to predicting gene functional associations.}},
  volume = {7},
  year = {2013}
}
@article{Shadbolt2006,
  author = {Shadbolt, N. and Berners-Lee, Tim and Hall, W.},
  doi = {10.1109/MIS.2006.62},
  issn = {1541-1672},
  journal = {IEEE Intelligent Systems},
  month = {may},
  number = {3},
  pages = {96--101},
  title = {{The Semantic Web Revisited}},
  volume = {21},
  year = {2006}
}
@incollection{Bolton2008,
  author = {Bolton, Evan E. and Wang, Yanli and Thiessen, Paul A. and Bryant, Stephen H.},
  booktitle = {Annual Reports in Computational Chemistry},
  chapter = {12},
  doi = {10.1016/S1574-1400(08)00012-1},
  editor = {Wheeler, Ralph A. and Spellmeyer, David C.},
  isbn = {9780444532503},
  issn = {15741400},
  pages = {217--241},
  publisher = {American Chemical Society, Washington, DC, 2008 Apr},
  title = {{PubChem: integrated platform of small molecules and biological activities}},
  volume = {4},
  year = {2008}
}
@inproceedings{Vision2011,
  author = {Vision, Todd and Blake, Judith A. and Lapp, Hilmar and Mabee, Paula and Westerfield, M.},
  booktitle = {International Semantic Web Conference},
  title = {{Similarity between semantic description sets: addressing needs beyond data integration}},
  url = {http://ceur-ws.org/Vol-783/paper8.pdf},
  year = {2011}
}
@article{Doms2005,
  author = {Doms, Andreas and Schroeder, Michael},
  doi = {10.1093/nar/gki470},
  isbn = {1362-4962 (Electronic)$\backslash$r0305-1048 (Linking)},
  issn = {1362-4962},
  journal = {Nucleic Acids Research},
  number = {Web Server issue},
  pages = {W783--6},
  pmid = {15980585},
  title = {{GoPubMed: exploring PubMed with the Gene Ontology.}},
  volume = {33},
  year = {2005}
}
@article{Wyman2004,
  author = {Wyman, Stacia K. and Jansen, Robert K. and Boore, Jeffrey L.},
  doi = {10.1093/bioinformatics/bth352},
  isbn = {1367-4803},
  issn = {13674803},
  journal = {Bioinformatics},
  number = {17},
  pages = {3252--3255},
  pmid = {15180927},
  title = {{Automatic annotation of organellar genomes with DOGMA}},
  volume = {20},
  year = {2004}
}
@article{Golbreich2013,
  author = {Golbreich, Christine and Grosjean, Julien and Darmoni, Stefan Jacques},
  doi = {10.1016/j.artmed.2012.11.002},
  isbn = {1873-2860 (Electronic) 0933-3657 (Linking)},
  issn = {1873-2860},
  journal = {Artificial Intelligence in Medicine},
  number = {2},
  pages = {119--32},
  pmid = {23273493},
  title = {{The Foundational Model of Anatomy in OWL 2 and its use.}},
  volume = {57},
  year = {2013}
}
@inproceedings{Resnik1995,
  author = {Resnik, Philip},
  booktitle = {International Joint Conference on Artificial Intelligence},
  eprint = {9511007v1},
  title = {{Using information content to evaluate semantic similarity in a taxonomy}},
  url = {http://dl.acm.org/citation.cfm?id=1625914},
  volume = {1},
  year = {1995}
}
@inproceedings{Sirin2007,
  author = {Sirin, Evren and Parsia, Bijan},
  booktitle = {OWL: Experiences and Directions},
  issn = {16130073},
  pages = {1--10},
  title = {{SPARQL-DL: SPARQL query for OWL-DL}},
  url = {http://ceur-ws.org/Vol-258/paper14.pdf},
  volume = {258},
  year = {2007}
}
@article{Fawcett2004,
  author = {Fawcett, Tom},
  doi = {10.1.1.10.9777},
  journal = {Machine Learning},
  pages = {1--38},
  publisher = {Citeseer},
  title = {{ROC graphs: Notes and practical considerations for researchers}},
  volume = {31},
  year = {2004}
}
@article{Swender1974,
  author = {Swender, Phillip T.},
  doi = {10.1001/archpedi.1974.02110250085012},
  issn = {1072-4710},
  journal = {Archives of Pediatrics {\&} Adolescent Medicine},
  month = {jun},
  number = {6},
  pages = {859},
  publisher = {American Medical Association},
  title = {{Computer-Assisted Diagnosis}},
  volume = {127},
  year = {1974}
}
@article{Wolfe1976,
  author = {Wolfe, Douglas A.},
  doi = {10.1093/biomet/63.1.214},
  issn = {0006-3444},
  journal = {Biometrika},
  month = {jan},
  number = {1},
  pages = {214--215},
  title = {{On testing equality of related correlation coefficients}},
  volume = {63},
  year = {1976}
}
